<?xml version="1.0" encoding="UTF-8"?><collection xmlns="http://www.loc.gov/MARC21/slim"><record><leader>00502nam--2200169-i-4500</leader><controlfield tag="001">000044625</controlfield><controlfield tag="002">20161230</controlfield><controlfield tag="005">20170111003619</controlfield><controlfield tag="008">060222s1000------------r-----000-0-eng-d</controlfield><datafield ind1=" " ind2=" " tag="080"><subfield code="a">513:516.8</subfield></datafield><datafield ind1=" " ind2=" " tag="100"><subfield code="a">Thomas, George B</subfield></datafield><datafield ind1=" " ind2=" " tag="245"><subfield code="a">Calculus and analytic geometry. Part.1: Functions of one variable and analytic geometry</subfield></datafield><datafield ind1=" " ind2=" " tag="250"><subfield code="a">3rd edition</subfield></datafield><datafield ind1=" " ind2=" " tag="260"><subfield code="a">Reading/Mass</subfield><subfield code="b">Addison-Wesley Publ. Co</subfield><subfield code="c">1966</subfield></datafield><datafield ind1=" " ind2=" " tag="300"><subfield code="a">XII + 602 p. + A72 p</subfield></datafield><datafield ind1=" " ind2=" " tag="852"><subfield code="a">30212</subfield><subfield code="c">513</subfield></datafield><datafield ind1=" " ind2=" " tag="CAT"><subfield code="a">SYS</subfield><subfield code="c">20170111</subfield><subfield code="h">003619</subfield></datafield></record></collection>